<record><leader>00000cas a22000007a 4500</leader><controlfield tag="001">44497061</controlfield><controlfield tag="008">000628d1935193unyuuu ne      0    0eng d</controlfield><datafield ind1=" " ind2=" " tag="010"><subfield code="a">sn 00064946 </subfield></datafield><datafield ind1=" " ind2=" " tag="040"><subfield code="a">NVK</subfield><subfield code="b">eng</subfield><subfield code="c">NVK</subfield><subfield code="d">OCLCF</subfield><subfield code="d">OCLCO</subfield><subfield code="d">OCLCA</subfield><subfield code="d">NVK</subfield></datafield><datafield ind1=" " ind2=" " tag="042"><subfield code="a">msc</subfield></datafield><datafield ind1=" " ind2=" " tag="043"><subfield code="a">n-us-va</subfield></datafield><datafield ind1="0" ind2="4" tag="245"><subfield code="a">The Kay's Hill tower.</subfield></datafield><datafield ind1=" " ind2=" " tag="260"><subfield code="a">Minerva, N.Y. :</subfield><subfield code="b">C.C.C. Co. 1267,</subfield><subfield code="c">1935-</subfield></datafield><datafield ind1=" " ind2=" " tag="300"><subfield code="a">v.</subfield></datafield><datafield ind1="0" ind2=" " tag="362"><subfield code="a">Vol. 1, no. 1 (Dec. 10, 1935)-</subfield></datafield><datafield ind1=" " ind2=" " tag="530"><subfield code="a">Available on microfiche from the Center for Research Libraries.</subfield></datafield><datafield ind1=" " ind2=" " tag="530"><subfield code="a">Also available online.</subfield></datafield><datafield ind1=" " ind2=" " tag="580"><subfield code="a">C.C.C. Company 1267 previously published: The Fairy stone.</subfield></datafield><datafield ind1="2" ind2="0" tag="610"><subfield code="a">Civilian Conservation Corps (U.S.)</subfield><subfield code="v">Newspapers.</subfield></datafield><datafield ind1=" " ind2="0" tag="651"><subfield code="a">Minerva (N.Y.)</subfield><subfield code="v">Newspapers.</subfield></datafield><datafield ind1="2" ind2="7" tag="610"><subfield code="a">Civilian Conservation Corps (U.S.)</subfield><subfield code="2">fast</subfield><subfield code="0">(OCoLC)fst00536299</subfield></datafield><datafield ind1=" " ind2="7" tag="651"><subfield code="a">New York (State)</subfield><subfield code="z">Minerva.</subfield><subfield code="2">fast</subfield><subfield code="0">(OCoLC)fst01255174</subfield></datafield><datafield ind1=" " ind2="7" tag="655"><subfield code="a">Newspapers.</subfield><subfield code="2">fast</subfield><subfield code="0">(OCoLC)fst01423814</subfield></datafield><datafield ind1="2" ind2=" " tag="710"><subfield code="a">Civilian Conservation Corps (U.S.).</subfield><subfield code="b">Company 1267 (Minerva, N.Y.)</subfield></datafield><datafield ind1=" " ind2=" " tag="752"><subfield code="a">United States</subfield><subfield code="b">New York</subfield><subfield code="c">Essex</subfield><subfield code="d">Minerva.</subfield></datafield><datafield ind1="1" ind2=" " tag="787"><subfield code="t">Fairy stone (Basset, Va.)</subfield><subfield code="w">(DLC)sn 00064919</subfield></datafield><datafield ind1="4" ind2="1" tag="856"><subfield code="u">www.virginiachronicle.com</subfield></datafield><datafield ind1=" " ind2=" " tag="936"><subfield code="a">Vol. 1, no. 1 (Dec. 10, 1935) LIC</subfield></datafield><datafield ind1="1" ind2=" " tag="029"><subfield code="a">AU@</subfield><subfield code="b">000021635140</subfield></datafield></record>